<?xml version="1.0" encoding="UTF-8" ?>
<collection xmlns:xsi="http://www.w3.org/2001/XMLSchema-instance"
    xsi:schemaLocation="http://www.loc.gov/MARC21/slim
        http://www.loc.gov/standards/marcxml/schema/MARC21slim.xsd"
    xmlns="http://www.loc.gov/MARC21/slim">
<record>
  <leader>00267cam a2200517 i 4500</leader>
  <controlfield tag="001">b13349120</controlfield>
  <controlfield tag="003">LeBAU</controlfield>
  <controlfield tag="005">20140612</controlfield>
  <controlfield tag="008">030317s1928    ua       b    ||0 0 ara d</controlfield>
  <datafield tag="035" ind1=" " ind2=" ">
    <subfield code="a">ocn784549133</subfield>
  </datafield>
  <datafield tag="037" ind1=" " ind2=" ">
    <subfield code="b">Dr. Najla Abu Izzeddin</subfield>
    <subfield code="z">34300</subfield>
  </datafield>
  <datafield tag="040" ind1=" " ind2=" ">
    <subfield code="a">LEAUB</subfield>
    <subfield code="b">ara</subfield>
    <subfield code="e">rda</subfield>
    <subfield code="c">LEAUB</subfield>
    <subfield code="d">LEAUB</subfield>
  </datafield>
  <datafield tag="082" ind1="0" ind2="4">
    <subfield code="a">297.09</subfield>
    <subfield code="2">22</subfield>
  </datafield>
  <datafield tag="100" ind1="1" ind2=" ">
    <subfield code="6">880-01</subfield>
    <subfield code="a">Amīn, Aḥmad,</subfield>
    <subfield code="d">1886-1954,</subfield>
    <subfield code="e">author.</subfield>
  </datafield>
  <datafield tag="245" ind1="1" ind2="0">
    <subfield code="6">880-02</subfield>
    <subfield code="a">Fajr al-Islām :</subfield>
    <subfield code="b">kitāb fī thalā̄that ajzāʼ yabḥathu ʻan al-ḥālah al-ʻaqlīyah wa-al-siyāsīyah wa-al-adabīyah fī ṣ̣adr al-Islām ilá ākhir al-dawlah al-Umawīyah /</subfield>
    <subfield code="c">ishtaraka fī taʼlīfihi Ṭāhā Ḥusayn, wa-Aḥmad Amīn, wa-ʻAbd al-Ḥamīd al-ʻAbbadī.</subfield>
  </datafield>
  <datafield tag="246" ind1="3" ind2=" ">
    <subfield code="a">فجر الإسلام :</subfield>
    <subfield code="b">كتاب في ثلاثة أجزاء يبحث عن الحالة العقلية والسياسية والأدبية في صدر الإسلام إلى آخر الدولة الأموية</subfield>
  </datafield>
  <datafield tag="264" ind1=" " ind2="1">
    <subfield code="6">880-03</subfield>
    <subfield code="a">Miṣr :</subfield>
    <subfield code="b">Lajnat al-Ta’līf wa-al-Tarjamah wa-al-Nashr,</subfield>
    <subfield code="c">1347 [H.] = 1928 [M.]</subfield>
  </datafield>
  <datafield tag="300" ind1=" " ind2=" ">
    <subfield code="6">880-04</subfield>
    <subfield code="a">d-ṣ, 355, 4 pages ;</subfield>
    <subfield code="c">24 cm</subfield>
  </datafield>
  <datafield tag="336" ind1=" " ind2=" ">
    <subfield code="a">text</subfield>
    <subfield code="b">txt</subfield>
    <subfield code="2">rdacontent</subfield>
  </datafield>
  <datafield tag="337" ind1=" " ind2=" ">
    <subfield code="a">unmediated</subfield>
    <subfield code="b">n</subfield>
    <subfield code="2">rdamedia</subfield>
  </datafield>
  <datafield tag="338" ind1=" " ind2=" ">
    <subfield code="a">volume</subfield>
    <subfield code="b">nc</subfield>
    <subfield code="2">rdacarrier</subfield>
  </datafield>
  <datafield tag="500" ind1=" " ind2=" ">
    <subfield code="a">لم يتم إصدار جزء آخر من هذا الكتاب.</subfield>
  </datafield>
  <datafield tag="500" ind1=" " ind2=" ">
    <subfield code="a">"إختص كل بكتابة جزء في ناحية من هذه النواحي الثلاث."</subfield>
  </datafield>
  <datafield tag="500" ind1=" " ind2=" ">
    <subfield code="a">"إلا أن طه حسين والعبادي لم يستكملا كتابة نصيبهما من هذا المشروع البحثي. يقول أحمد أمين: لقد عاقت زميلي عوائق عن إخراج نصيبهما، فاستمررت أنا في إخراج ضحى الإسلام، في ثلاثة أجزاء وترقيت في منهج التأليف في ضحى الإسلام..."  </subfield>
  </datafield>
  <datafield tag="504" ind1=" " ind2=" ">
    <subfield code="a">يتضمن مراجع ببليوغرافية.</subfield>
  </datafield>
  <datafield tag="505" ind1="0" ind2=" ">
    <subfield code="t">فجر الإسلام:</subfield>
    <subfield code="g">الجزء الأول.</subfield>
    <subfield code="t">في الحياة العقلية /</subfield>
    <subfield code="r">أحمد أمين.</subfield>
  </datafield>
  <datafield tag="510" ind1="4" ind2=" ">
    <subfield code="a">هذه المعلومة أخذت من موقع ويكيبيديا . تاريخ زيارة الموقع  (12/06/2014) </subfield>
    <subfield code="u">http://ar.wikipedia.org/wiki/فجر_الإسلام_(كتاب</subfield>
  </datafield>
  <datafield tag="590" ind1=" " ind2=" ">
    <subfield code="a">صفحة عنوان نسخة الأرشيف والمجموعات الخاصة مصورة.</subfield>
  </datafield>
  <datafield tag="650" ind1=" " ind2="4">
    <subfield code="a">الحضارة الاسلامية</subfield>
    <subfield code="x">تاريخ.</subfield>
  </datafield>
  <datafield tag="650" ind1=" " ind2="0">
    <subfield code="a">Islamic civilization</subfield>
    <subfield code="x">History.</subfield>
  </datafield>
  <datafield tag="651" ind1=" " ind2="4">
    <subfield code="a">الامبراطورية الاسلامية</subfield>
    <subfield code="x">تاريخ.</subfield>
  </datafield>
  <datafield tag="651" ind1=" " ind2="0">
    <subfield code="a">Islamic Empire</subfield>
    <subfield code="x">History.</subfield>
  </datafield>
  <datafield tag="775" ind1="0" ind2=" ">
    <subfield code="6">880-05</subfield>
    <subfield code="t">Fajr al-Islām: yabḥathu ʻan al-ḥālah al-ʻaqlīyah wa-al-siyāsīyah wa-al-adabīyah fī ṣ̣adr al-Islām ilá ākhir al-dawlah al-Umawīyah.</subfield>
    <subfield code="b">al-Ṭab‘ah al-sādisah</subfield>
    <subfield code="d">al-Qāhirah : Maktabat al-Nahḍah al-Miṣrīyah, 1950</subfield>
    <subfield code="w">(OCoLC)784211806</subfield>
    <subfield code="w">(OCoLC)784211806</subfield>
  </datafield>
  <datafield tag="775" ind1="0" ind2=" ">
    <subfield code="6">880-06</subfield>
    <subfield code="t">Fajr al-Islām.</subfield>
    <subfield code="b">al-Ṭab‘ah al-ūlá</subfield>
    <subfield code="d">Bayrūt : Dār al-Kutub al-‘Ilmīyah, 2004</subfield>
    <subfield code="w">(OCoLC)784555599</subfield>
    <subfield code="w">(OCoLC)784555599</subfield>
  </datafield>
  <datafield tag="852" ind1=" " ind2=" ">
    <subfield code="a">Jafet Library</subfield>
    <subfield code="e">American University of Beirut, Bliss Street , Beirut, Lebanon.</subfield>
  </datafield>
  <datafield tag="880" ind1="1" ind2=" ">
    <subfield code="6">100-01/(3/r</subfield>
    <subfield code="a">امين، احمد،</subfield>
    <subfield code="d">1886-1954،</subfield>
    <subfield code="e">مؤلف. </subfield>
    <subfield code="4">aut.</subfield>
  </datafield>
  <datafield tag="880" ind1="1" ind2="0">
    <subfield code="6">245-02/(3/r</subfield>
    <subfield code="a">فجر الإسلام :</subfield>
    <subfield code="b">كتاب في ثلاثة أجزاء يبحث عن الحالة العقلية و السياسية و الأدبية في صدر الإسلام إلى آخر الدولة الأموية /</subfield>
    <subfield code="c">إشترك في تأليفه طه حسين، وأحمد أمين، وعبد الحميد العبادي.</subfield>
  </datafield>
  <datafield tag="880" ind1=" " ind2="1">
    <subfield code="6">264-03/(3/r</subfield>
    <subfield code="a">مصر :</subfield>
    <subfield code="b">لجنة التأليف والترجمة والنشر،</subfield>
    <subfield code="c">1347 [هـ.] = 1928 [م.]</subfield>
  </datafield>
  <datafield tag="880" ind1=" " ind2=" ">
    <subfield code="6">300-04/(3/r</subfield>
    <subfield code="a">د-ص، 355، 4  صفحات ؛</subfield>
    <subfield code="c">24 سم</subfield>
  </datafield>
  <datafield tag="880" ind1="1" ind2=" ">
    <subfield code="6">775-05/(3/r</subfield>
    <subfield code="t">فجر الإسلام : يبحث عن الحياة العقلية في صدر الإسلام إلى آخر الدولة الأموية.</subfield>
    <subfield code="b">الطبعة السادسة</subfield>
    <subfield code="d">القاهرة : مكتبة النهضة المصرية، 1950</subfield>
    <subfield code="w">b12338904</subfield>
    <subfield code="w">(OCoLC)784211806</subfield>
  </datafield>
  <datafield tag="880" ind1="1" ind2=" ">
    <subfield code="6">775-06/(3/r</subfield>
    <subfield code="t">فجر الإسلام</subfield>
    <subfield code="b">الطبعة الأولى</subfield>
    <subfield code="d">بيروت، دار الكتب العلمية، 2004</subfield>
    <subfield code="w">b1351023x</subfield>
    <subfield code="w">(OCoLC)784555599</subfield>
  </datafield>
  <datafield tag="907" ind1=" " ind2=" ">
    <subfield code="a">.b13349120</subfield>
    <subfield code="b">17-06-02</subfield>
    <subfield code="c">11-05-24</subfield>
  </datafield>
  <datafield tag="907" ind1=" " ind2=" ">
    <subfield code="a">.b13349120</subfield>
    <subfield code="b">15-10-15</subfield>
    <subfield code="c">11-05-24</subfield>
  </datafield>
  <datafield tag="945" ind1=" " ind2=" ">
    <subfield code="f">CA</subfield>
    <subfield code="a">297.09:A517fA:1928:v.1:c.1</subfield>
    <subfield code="i">00475433</subfield>
    <subfield code="j">.i19509522</subfield>
    <subfield code="l">u0304</subfield>
  </datafield>
  <datafield tag="945" ind1=" " ind2=" ">
    <subfield code="f">J</subfield>
    <subfield code="a">297.09:A517fA:1928:v.1</subfield>
    <subfield code="i">00511185</subfield>
    <subfield code="j">.i14029376</subfield>
    <subfield code="l">u0503</subfield>
  </datafield>
  <datafield tag="998" ind1=" " ind2=" ">
    <subfield code="a">u03</subfield>
    <subfield code="a">u05</subfield>
    <subfield code="b">03-03-17</subfield>
    <subfield code="c">m</subfield>
    <subfield code="d">a</subfield>
    <subfield code="e">-</subfield>
    <subfield code="f">ara</subfield>
    <subfield code="g">ua </subfield>
    <subfield code="h">0</subfield>
    <subfield code="i">2</subfield>
  </datafield>
</record>
</collection>
